<?xml version="1.0" encoding="UTF-8"?><collection xmlns="http://www.loc.gov/MARC21/slim"><record><leader>00338nam--2200121-i-4500</leader><controlfield tag="001">000005044</controlfield><controlfield tag="002">20161230</controlfield><controlfield tag="005">20161230201026</controlfield><controlfield tag="008">060222s1000------------r-----000-0-eng-d</controlfield><datafield ind1=" " ind2=" " tag="100"><subfield code="a">Blinowski, K</subfield></datafield><datafield ind1=" " ind2=" " tag="245"><subfield code="a">Neutron diffraction studies in solid state phy sics</subfield></datafield><datafield ind1=" " ind2=" " tag="260"><subfield code="a">Wasaw, Polish Academy Of Sciences, 1960. 6 P. + 13 Fig</subfield></datafield><datafield ind1=" " ind2=" " tag="852"><subfield code="a">6955</subfield></datafield></record></collection>